% Encoding: UTF-8

@Book{Becketti:2013,
  author    = {Sean Becketti},
  title     = {Introduction to Time Series Using Stata},
  year      = {2013},
  edition   = {1},
  publisher = {Stata Press},
  isbn      = {978-1-59718-132-7},
}

@Book{Greene:2012,
  author    = {William H. Greene},
  title     = {Econometric Analysis},
  year      = {2012},
  edition   = {7},
  publisher = {Prentice Hall},
  isbn      = {978-0-13-139538-1},
}

@Book{Enders:2015,
  author    = {Walter Enders},
  title     = {Applied Econometric Time Series},
  year      = {2015},
  edition   = {4},
  publisher = {Wiley},
  isbn      = {978-1-118-80856-6},
}

@Book{MUS2010,
  author     = {A. Colin Cameron and Pravin K. Trivedi},
  title      = {Microeconometrics Using Stata: Revised Edition},
  year       = {2010},
  publisher  = {Stata Press},
  isbn       = {978-1-59718-073-3},
}

@misc{Boumans2015,
  author        = {Marcel J. Boumans},
  title         = {Econometrics: The Keynes-Tinbergen Controversy},
  year          = {2015-02-15},
  howpublished  = "\url{https://dx.doi.org/10.2139/ssrn.2565355}",
}

@Book{Kirchgaessner2013,
  author    = {Gebhard Kirchgässner and Jürgen Wolters and Uwe Hassler},
  title     = {Introduction to Modern Time Series Analysis},
  year      = {2013},
  edition   = {2},
  publisher = {Springer},
  isbn      = {978-3-642-33435-1},
  doi       = {10.1007/978-3-642-33436-8},
}

@Article{Valadkhani2004,
  author       = {Abbas Valadkhani},
  title        = {History of macroeconometric modelling: lessons from past experience},
  journal      = {Journal of Policy Modeling},
  year         = {2004},
  volume       = {26},
  pages        = {265-281},
  keywords     = {Macroeconometric modelling; Model evaluation; Model specification},
}

@Book{Levendis2018,
  author    = {John D. Levendis},
  title     = {Time Series Econometrics},
  year      = {2018},
  subtitle  = {Learning Through Replication},
  publisher = {Springer},
  isbn      = {978-3-319-98281-6},
}

@Book{Hamilton:1994,
  author =    {James M. Hamilton},
  title =     {Time Series Analysis},
  year =      {1994},
  publisher = {Princeton University Press},
  isbn =      {0-691-04289-6},
}

@Book{MirandaFackler:2002,
  author =    {Mario J. Miranda and Paul L. Fackler},
  title =     {Applied Computational Economics and Finance},
  year =      {2002},
  publisher = {MIT Press},
  isbn =      {0-262-13420-9},
  timestamp = {2016.03.04}
}

@Book{BoxJenkins2016,
author =       {George E. P. Box and Gwilym M. Jenkins and Gregory C. Reinsel and Greta M. Ljung},
title =        {Time Series Analysis: Forecasting and Control},
publisher =    {John Wiley and Sons Inc.},
edition =      {5},
isbn =         {978-1-118-67502-1},
year = {2016}
}
